01,,BNZA,170316,0400,1,78,78/
02,BNZA,NATAAU3M,1,170315,0000/
03,268005937,AUD,015,924863,100,44400,102,300,400/
88,000,402,000,500,000,501,000,502/
88,000,503,000,965,000,966,000/
88,967,000,968,000,969,000/
16,920,20000,0,0,F8N4Y31           HARPER           045801      ababababab8
16,920,14400,0,0,KJDBN15           DMS TRANSFER     278820
16,920,10000,0,0,7DLA5Z3           MS KIM SHAN LEE  141000
49,1013963,1013963/
03,430573570,AUD,015,10716599,100,316975,102,1100,400/
88,8138,402,100,500,000,501,000,502/
88,000,503,000,965,000,966,000/
88,967,000,968,000,969,000/
16,910,95000,0,0,N9MXB
16,195,4750,0,0,INTERNET TRANSFER
88,INTERNET TRANSFER   7KU64               NAB Transfer
16,936,146987,0,0,REWARDS PAY
16,920,19000,0,0,7X6LD             SANJEEV KATHURIA 423120
16,920,18000,0,0,FD3Y6             SCARBOROUGH DANI 020842
16,920,9500,0,0,FT385             PETER WESTNEAT   061523
16,920,9100,0,0,HHSX4             EDWARD GENIXOWIC 061523
16,920,4775,0,0,2SCSR             MARAM ALMAGHRABI 063523
16,920,4675,0,0,W23FU             TAMARA WOO       423220
16,920,4550,0,0,P5ZGK             TAMARA WOO       421320
16,920,638,0,0,RP                AMEX GR     1.38 018185
16,595,8138,0,0,REWARDS PAY
49,11368025,11368025/
03,739790442,AUD,015,57271,100,000,102,000,400/
88,19700,402,100,500,000,501,000,502/
88,000,503,000,965,000,966,000/
88,967,000,968,000,969,000/
16,495,19700,0,0,DIRECTLINK FEE FEB17
49,96771,96771/
03,739813974,AUD,015,381025,100,2429,102,200,400/
88,000,402,000,500,000,501,000,502/
88,000,503,000,965,000,966,000/
88,967,000,968,000,969,000/
16,936,499,0,0,MEMBER RWDS
16,920,1930,0,0,STRIPE_AHlGcMuW4lPSTRIPE           452315
49,386083,386083/
03,739827524,AUD,015,876887,100,648500,102,100,400/
88,646090,402,100,500,000,501,000,502/
88,000,503,000,965,000,966,000/
88,967,000,968,000,969,000/
16,399,648500,0,0,FLEXIPHONE-BILL PAY
88,TOTAL BILL PAYMENT - BILLER 0000254169
16,501,646090,0,0,INTERNET MULTI TFR
88,credit-150317     PYMT-ID 93902532 492677
49,3466267,3466267/
98,16331109,5,16331109/
99,16331109,1,52,16331109/
